<?xml version="1.0" encoding="utf-8"?>
<record xmlns="http://www.loc.gov/MARC21/slim" xmlns:xsi="http://www.w3.org/2001/XMLSchema-instance" xsi:schemaLocation="http://www.loc.gov/MARC21/slim http://www.loc.gov/standards/marcxml/schema/MARC21slim.xsd">
	<leader>
		03036nam a2200469   4500
	</leader>
	<controlfield tag="001">
		1101800
	</controlfield>
	<controlfield tag="003">
		NNC
	</controlfield>
	<controlfield tag="006">
		m        d        
	</controlfield>
	<controlfield tag="007">
		cr cn |||m|||a
	</controlfield>
	<controlfield tag="008">
		151105s1988    ir fh   ob    001 0 arard
	</controlfield>
	<datafield ind1=" " ind2=" " tag="040">
		<subfield code="a">
			NNU
		</subfield>
		<subfield code="b">
			eng
		</subfield>
		<subfield code="e">
			rda
		</subfield>
		<subfield code="c">
			NNU
		</subfield>
	</datafield>
	<datafield ind1=" " ind2="4" tag="050">
		<subfield code="a">
			BP193.28
		</subfield>
		<subfield code="b">
			.T87 1988
		</subfield>
	</datafield>
	<datafield ind1="1" ind2=" " tag="100">
		<subfield code="6">
			880-01
		</subfield>
		<subfield code="a">
			Tustarī, ʻAbd Allāh ibn Nūr al-Dīn,
		</subfield>
		<subfield code="d">
			1701-1759 or 1760.
		</subfield>
	</datafield>
	<datafield ind1="1" ind2="0" tag="245">
		<subfield code="6">
			880-02
		</subfield>
		<subfield code="a">
			Ijāzah al-kabīrah /
		</subfield>
		<subfield code="c">
			li-ʻAbd Allāh al-Mūsawī al-Jazāʼirī al-Tustarī ; maʻa muqaddimah li-Āyat Allāh al-ʻUẓmá al-Marʻashī al-Najafī ; taḥqīq Muḥammad Samāmī al-Ḥāʼirī ; ishrāf Maḥmūd al-Marʻashī.
		</subfield>
	</datafield>
	<datafield ind1=" " ind2=" " tag="250">
		<subfield code="6">
			880-03
		</subfield>
		<subfield code="a">
			al-Ṭabʻah 1.
		</subfield>
	</datafield>
	<datafield ind1=" " ind2=" " tag="260">
		<subfield code="6">
			880-04
		</subfield>
		<subfield code="a">
			Qum :
		</subfield>
		<subfield code="b">
			Maktabat Āyat Allāh al-ʻUẓmá al-ʻMarʻashī al-Najafī al-ʻĀmmah,
		</subfield>
		<subfield code="c">
			1409 [1988 or 1989]
		</subfield>
	</datafield>
	<datafield ind1=" " ind2=" " tag="300">
		<subfield code="a">
			online resource (57, 318 pages, [5] plates of plates) :
		</subfield>
		<subfield code="b">
			facsimiles
		</subfield>
	</datafield>
	<datafield ind1=" " ind2=" " tag="336">
		<subfield code="a">
			text
		</subfield>
		<subfield code="2">
			rdacontent
		</subfield>
	</datafield>
	<datafield ind1=" " ind2=" " tag="337">
		<subfield code="a">
			computer
		</subfield>
		<subfield code="2">
			rdamedia
		</subfield>
	</datafield>
	<datafield ind1=" " ind2=" " tag="338">
		<subfield code="a">
			online resource
		</subfield>
		<subfield code="2">
			rdacarrier
		</subfield>
	</datafield>
	<datafield ind1="1" ind2=" " tag="490">
		<subfield code="6">
			880-05
		</subfield>
		<subfield code="a">
			Makhṭūṭāt Maktabat Āyat Allāh al-Marʻashī al-ʻĀmmah ;
		</subfield>
		<subfield code="v">
			23
		</subfield>
	</datafield>
	<datafield ind1=" " ind2=" " tag="500">
		<subfield code="a">
			Part of the Arabic Collections Online (ACO) project, contributed by Columbia University Libraries.
		</subfield>
	</datafield>
	<datafield ind1=" " ind2=" " tag="504">
		<subfield code="a">
			Includes bibliographical references (pages 303-316) and indexes.
		</subfield>
	</datafield>
	<datafield ind1=" " ind2=" " tag="533">
		<subfield code="a">
			Electronic reproduction.
		</subfield>
		<subfield code="b">
			New York, N.Y. :
		</subfield>
		<subfield code="c">
			New York University,
		</subfield>
		<subfield code="d">
			2015.
		</subfield>
		<subfield code="5">
			NNU
		</subfield>
	</datafield>
	<datafield ind1=" " ind2="0" tag="650">
		<subfield code="a">
			Hadith (Shiites)
		</subfield>
		<subfield code="x">
			Authorities.
		</subfield>
	</datafield>
	<datafield ind1=" " ind2="7" tag="650">
		<subfield code="a">
			Hadith (Shiites)
		</subfield>
		<subfield code="x">
			Authorities.
		</subfield>
		<subfield code="2">
			fast
		</subfield>
		<subfield code="0">
			(OCoLC)fst00950139
		</subfield>
	</datafield>
	<datafield ind1="0" ind2=" " tag="653">
		<subfield code="a">
			Short biographies of Islamic traditionists
		</subfield>
	</datafield>
	<datafield ind1="1" ind2=" " tag="700">
		<subfield code="6">
			880-06
		</subfield>
		<subfield code="a">
			Samāmī Ḥāʼirī, Muḥammad.
		</subfield>
	</datafield>
	<datafield ind1="2" ind2=" " tag="710">
		<subfield code="a">
			Columbia University.
		</subfield>
		<subfield code="b">
			Libraries.
		</subfield>
	</datafield>
	<datafield ind1="0" ind2=" " tag="730">
		<subfield code="a">
			Arabic Collections Online.
		</subfield>
	</datafield>
	<datafield ind1="0" ind2="8" tag="776">
		<subfield code="i">
			Print version:
		</subfield>
		<subfield code="a">
			Tustarī, ʻAbd Allāh ibn Nūr al-Dīn, 1701-1759 or 1760.
		</subfield>
		<subfield code="t">
			Ijāzah al-kabīrah
		</subfield>
		<subfield code="w">
			(NNC)1101800
		</subfield>
		<subfield code="w">
			(DLC)   89932571 
		</subfield>
		<subfield code="w">
			(OCoLC)24073685
		</subfield>
	</datafield>
	<datafield ind1=" " ind2="0" tag="830">
		<subfield code="6">
			880-07
		</subfield>
		<subfield code="a">
			Min makhṭūṭāt Maktabat Āyat Allāh al-Marʻashī al-ʻĀmmah ;
		</subfield>
		<subfield code="v">
			23.
		</subfield>
	</datafield>
	<datafield ind1="4" ind2="0" tag="856">
		<subfield code="u">
			http://hdl.handle.net/2333.1/dbrv181w
		</subfield>
	</datafield>
	<datafield ind1="1" ind2=" " tag="880">
		<subfield code="6">
			100-01/r
		</subfield>
		<subfield code="a">
			تستري، عبد الله بن نور الدين،
		</subfield>
		<subfield code="d">
			1701-1759 or 1760.
		</subfield>
	</datafield>
	<datafield ind1="1" ind2="2" tag="880">
		<subfield code="6">
			245-02/r
		</subfield>
		<subfield code="a">
			الاجازة الكبيرة /
		</subfield>
		<subfield code="c">
			لعبد الله الموسوي الجزائري التستري ؛ مع مقدمة لآية الله العظمى المرعشي النجفي ؛ تحقيق محمد السمامي الحائري ؛ اشراف محمود المرعشي.
		</subfield>
	</datafield>
	<datafield ind1=" " ind2=" " tag="880">
		<subfield code="6">
			250-03/r
		</subfield>
		<subfield code="a">
			الطبعة 1.
		</subfield>
	</datafield>
	<datafield ind1=" " ind2=" " tag="880">
		<subfield code="6">
			260-04/r
		</subfield>
		<subfield code="a">
			قم :
		</subfield>
		<subfield code="b">
			مكتبة آية الله العظمى المرعشي النجفي العامة، 1409 [1988 or 1989]
		</subfield>
	</datafield>
	<datafield ind1="1" ind2=" " tag="880">
		<subfield code="6">
			490-05/r
		</subfield>
		<subfield code="a">
			مخطوطات مكتبة آية الله المرعشي العامة ؛
		</subfield>
		<subfield code="v">
			23
		</subfield>
	</datafield>
	<datafield ind1="1" ind2=" " tag="880">
		<subfield code="6">
			700-06/r
		</subfield>
		<subfield code="a">
			سمامي حائري، محمد.
		</subfield>
	</datafield>
	<datafield ind1=" " ind2="0" tag="880">
		<subfield code="6">
			830-07/r
		</subfield>
		<subfield code="a">
			من مخطوطات مكتبة آية الله المرعشي العامة ؛
		</subfield>
		<subfield code="v">
			23.
		</subfield>
	</datafield>
	<datafield ind1=" " ind2=" " tag="959">
		<subfield code="a">
			NNU
		</subfield>
		<subfield code="b">
			WEB
		</subfield>
		<subfield code="c">
			GENI
		</subfield>
		<subfield code="t">
			0
		</subfield>
		<subfield code="m">
			Electronic access
		</subfield>
		<subfield code="s">
			01
		</subfield>
	</datafield>
	<datafield ind1=" " ind2=" " tag="999">
		<subfield code="i">
			NNC_1101800
		</subfield>
		<subfield code="o">
			(OCoLC)ocm24073685
		</subfield>
		<subfield code="s">
			columbia_aco000885
		</subfield>
		<subfield code="e">
			(ERROR-880)
		</subfield>
		<subfield code="s">
			columbia_aco000885
		</subfield>
	</datafield>
</record>
